@article{tan_effectiveness_2017,
	title = {Effectiveness of flipped classrooms in nursing education: {Systematic} review and meta-analysis},
	volume = {4},
	issn = {2095-7718},
	shorttitle = {Effectiveness of flipped classrooms in nursing education},
	url = {http://www.sciencedirect.com/science/article/pii/S2095771817300993},
	doi = {10.1016/j.cnre.2017.10.006},
	language = {en},
	number = {4},
	urldate = {2020-03-05},
	journal = {Chinese Nursing Research},
	author = {Tan, Cui and Yue, Wei-Gang and Fu, Yu},
	month = dec,
	year = {2017},
	keywords = {Flipped classroom, Inverted classroom, Meta-analysis, Nursing education, Reversed classroom, Systematic review},
	pages = {192--200}
}

@misc{noauthor_visible_2020,
	title = {Visible {Learning} - {Flipped} classrooms {Details}},
	url = {http://www.visiblelearningmetax.com/Influences/View/flipped_classrooms},
	urldate = {2020-03-05},
	year = {2020}
}

@article{hew_flipped_2018,
	title = {Flipped classroom improves student learning in health professions education: a meta-analysis},
	volume = {18},
	issn = {1472-6920},
	shorttitle = {Flipped classroom improves student learning in health professions education},
	doi = {10.1186/s12909-018-1144-z},
	language = {en},
	number = {1},
	urldate = {2020-03-05},
	journal = {BMC Medical Education},
	author = {Hew, Khe Foon and Lo, Chung Kwan},
	month = mar,
	year = {2018},
	pages = {38}
}

@article{chen_academic_2019,
	title = {Academic outcomes of flipped classroom learning: a meta-analysis},
	issn = {0308-0110},
	shorttitle = {Academic outcomes of flipped classroom learning},
	urldate = {2020-03-05},
	journal = {Medical Education},
	author = {Chen, Kuo-Su and Monrouxe, Lynn and Lu, Yi-Hsuan and Jenq, Chang-Chyi and Chang, Yeu-Jhy and Chang, Yu-Che and Chai, Pony Yee-Chee},
	month = jul,
	year = {2019},
	pages = {910--924}
}

@book{hattie2014,
  title = {Visible Learning and the Science of How We Learn},
  author = {Hattie, John and Yates, Gregory},
  year = {2014},
  publisher = {{Routledge, Taylor \& Francis Group}},
  address = {{London ; New York}},
  isbn = {978-0-415-70498-4 978-0-415-70499-1},
  keywords = {EDUCATION / Educational Psychology,EDUCATION / General,Learning; Psychology of,Thought and thinking,Visible learning,Visual learning},
  lccn = {LB1067.5 .H36 2014}
}

@misc{hattie2018,
  title = {Flipped Classrooms},
  author = {Hattie, John},
  year = {2018},
  journal = {Visible Learning Meta X},
  language = {en}
}

@article{karagol_effect_2019,
	title = {The {Effect} of {Flipped} {Learning} {Approach} on {Academic} {Achievement}: {A} {Meta}-{Analysis} {Study}},
	volume = {34},
	shorttitle = {The {Effect} of {Flipped} {Learning} {Approach} on {Academic} {Achievement}},
	number = {3},
	urldate = {2020-03-05},
	journal = {Hacettepe University Journal of Education},
	author = {Karagöl, Ibrahim and Esen, Emrullah},
	month = jul,
	year = {2019},
	pages = {708--727}
}

@article{lebrun_vers_2016,
  title = {{Vers une typologie des classes invers\'ees.}},
  author = {Lebrun, Marcel and Goffinet, C{\'e}line and Gilson, Coralie},
  year = {2016},
  month = dec,
  pages = {125--146},
  journal = {Education \& Formation},
  keywords = {flipped classroom,pedagogy},
  language = {fr},
  number = {e-306},
  volume = {306},
}

@inproceedings{bishop_flipped_2013,
	address = {Atlanta, GA},
	title = {The flipped classroom: {A} survey of the research.},
	volume = {30},
	booktitle = {{ASEE} national conference proceedings},
	author = {Bishop, J.L. and Verleger, M.A.},
	year = {2013},
	pages = {1--18}
}

@book{bloom_taxonomy_1956,
  title = {Taxonomy of Educational Objectives},
  shorttitle = {Taxonomy of Educational Objectives. the Classification of Educational Goals},
  author = {Bloom, Benjamin S and Krathwohl, David R and Masia, Bertram S},
  year = {1956},
  publisher = {{Longman}},
  address = {{New York}},
  annotation = {OCLC: 929425977},
  file = {/home/pierre/workp/biblio/pdf/Taxonomy_Educational_Objectives_1956_Bloom.pdf},
  isbn = {978-0-582-28010-6},
  language = {English}
}

@article{sarawagi_flipped_2014,
	title = {A flipped {CS0} classroom: applying {Bloom}'s taxonomy to algorithmic thinking},
	volume = {29},
	issn = {1937-4771},
	shorttitle = {A flipped {CS0} classroom},
	number = {6},
	journal = {Journal of Computing Sciences in Colleges},
	author = {Sarawagi, Namita},
	month = jun,
	year = {2014},
	pages = {21--28}
}

@article{crouch_peer_2001,
	title = {Peer {Instruction}: {Ten} years of experience and results},
	volume = {69},
	issn = {0002-9505},
	shorttitle = {Peer {Instruction}},
	url = {https://aapt.scitation.org/doi/abs/10.1119/1.1374249},
	doi = {10.1119/1.1374249},
	number = {9},
	urldate = {2020-03-05},
	journal = {American Journal of Physics},
	author = {Crouch, Catherine H. and Mazur, Eric},
	month = aug,
	year = {2001},
	pages = {970--977}
}

@article{wieman_large-scale_2014,
	title = {Large-scale comparison of science teaching methods sends clear message},
	volume = {111},
	issn = {0027-8424, 1091-6490},
	url = {https://www.pnas.org/content/111/23/8319},
	doi = {10.1073/pnas.1407304111},
	language = {en},
	number = {23},
	urldate = {2020-03-05},
	journal = {Proceedings of the National Academy of Sciences},
	author = {Wieman, Carl E.},
	month = jun,
	year = {2014},
	pmid = {24853505},
	pages = {8319--8320}
}

@article{freeman_reply_2014,
	title = {Reply to {Hora}: {Meta}-analytic techniques are designed to accommodate variation in implementation},
	volume = {111},
	issn = {0027-8424, 1091-6490},
	shorttitle = {Reply to {Hora}},
	url = {https://www.pnas.org/content/111/30/E3025},
	doi = {10.1073/pnas.1410405111},
	number = {30},
	urldate = {2020-03-05},
	journal = {Proceedings of the National Academy of Sciences},
	author = {Freeman, Scott and Eddy, Sarah L. and Jordt, Hannah and Smith, Michelle K. and Wenderoth, Mary Pat},
	month = jul,
	year = {2014},
	pmid = {25215374},
	pages = {E3025--E3025}
}

@article{casasola_can_2017,
	title = {Can {Flipping} the {Classroom} {Work}? {Evidence} from {Undergraduate} {Chemistry}},
	volume = {29},
	issn = {1812-9129},
	shorttitle = {Can {Flipping} the {Classroom} {Work}?},
	url = {https://eric.ed.gov/?id=EJ1150758},
	number = {3},
	urldate = {2020-03-05},
	journal = {International Journal of Teaching and Learning in Higher Education},
	author = {Casasola, Timothy and Nguyen, Tutrang and Warschauer, Mark and Schenke, Katerina},
	year = {2017},
	pages = {421--435}
}

@article{lage_inverting_2000,
	title = {Inverting the {Classroom}: {A} {Gateway} to {Creating} an {Inclusive} {Learning} {Environment}},
	volume = {31},
	issn = {0022-0485},
	shorttitle = {Inverting the {Classroom}},
	abstract = {Describes a teaching strategy called the inverted classroom that enables instructors of introductory economics courses to address students' different learning styles within the time constraints of the class. Explains that in the inverted classroom the events that traditionally take place during class time now take place outside the classroom and vice versa. (CMK)},
	language = {en},
	number = {1},
	urldate = {2020-03-05},
	journal = {Journal of Economic Education},
	author = {Lage, Maureen J. and Platt, Glenn J. and Treglia, Michael},
	year = {2000},
	keywords = {Cognitive Style, Course Content, Economics Education, Educational Strategies, Higher Education, Introductory Courses, Student Reaction, Teacher Response, Teaching Styles, Undergraduate Study},
	pages = {30--43}
}

@article{lo_critical_2017,
	title = {A critical review of flipped classroom challenges in {K}-12 education: possible solutions and recommendations for future research},
	volume = {12},
	issn = {1793-7078},
	shorttitle = {A critical review of flipped classroom challenges in {K}-12 education},
	url = {https://doi.org/10.1186/s41039-016-0044-2},
	doi = {10.1186/s41039-016-0044-2},
	language = {en},
	number = {1},
	urldate = {2020-03-05},
	journal = {Research and Practice in Technology Enhanced Learning},
	author = {Lo, Chung Kwan and Hew, Khe Foon},
	month = jan,
	year = {2017},
	pages = {4}
}

@article{abeysekera_motivation_2015,
	title = {Motivation and cognitive load in the flipped classroom: definition, rationale and a call for research},
	volume = {34},
	issn = {0729-4360},
	shorttitle = {Motivation and cognitive load in the flipped classroom},
	url = {https://doi.org/10.1080/07294360.2014.934336},
	doi = {10.1080/07294360.2014.934336},
	number = {1},
	urldate = {2020-03-05},
	journal = {Higher Education Research \& Development},
	author = {Abeysekera, Lakmal and Dawson, Phillip},
	month = jan,
	year = {2015},
	keywords = {cognitive load theory, flipped classroom, motivation, self-determination theory},
	pages = {1--14}
}

@inproceedings{guo_how_2014,
	address = {Atlanta, Georgia, USA},
	series = {L@{S} '14},
	title = {How video production affects student engagement: an empirical study of {MOOC} videos},
	isbn = {978-1-4503-2669-8},
	shorttitle = {How video production affects student engagement},
	url = {https://doi.org/10.1145/2556325.2566239},
	doi = {10.1145/2556325.2566239},
	urldate = {2020-03-05},
	booktitle = {Proceedings of the first {ACM} conference on {Learning} @ scale conference},
	publisher = {Association for Computing Machinery},
	author = {Guo, Philip J. and Kim, Juho and Rubin, Rob},
	month = mar,
	year = {2014},
	pages = {41--50}
}

@book{mayer_cambridge_2005,
	title = {The {Cambridge} {Handbook} of {Multimedia} {Learning}},
	isbn = {978-0-521-83873-3},
	language = {en},
	publisher = {Cambridge University Press},
	author = {Mayer, Richard and Mayer, Richard E.},
	month = aug,
	year = {2005}
}

@book{rayou_faire_2010,
	title = {Faire ses devoirs. Enjeux cognitifs et sociaux d'une pratique ordinaire},
	copyright = {© Lectures - Toute reproduction interdite sans autorisation explicite de la rédaction / Any replication is submitted to the authorization of the editors},
	url = {http://journals.openedition.org/lectures/2618},
	language = {fr},
	urldate = {2020-03-05},
	author = {Rayou, Patrick},
	year = {2010},
	publisher={Rennes (Presses universitaires de)},
	file = {Snapshot:C\:\\Users\\Antoine\\Zotero\\storage\\W6U4358X\\2618.html:text/html}
}

@article{guilbault_classe_2017,
	title = {La classe inversée comme approche pédagogique en enseignement supérieur : état des connaissances scientifiques et recommandations},
	volume = {33},
	copyright = {La Revue internationale de pédagogie de l’enseignement supérieur est mise à disposition selon les termes de la licence Creative Commons Attribution - Pas d’Utilisation Commerciale - Partage dans les Mêmes Conditions 4.0 International.},
	issn = {0383-0802},
	shorttitle = {La classe inversée comme approche pédagogique en enseignement supérieur},
	url = {http://journals.openedition.org/ripes/1193},
	language = {fr},
	number = {33(1)},
	urldate = {2020-03-05},
	journal = {Revue internationale de pédagogie de l’enseignement supérieur},
	author = {Guilbault, Marco and Viau-Guay, Anabelle},
	month = mar,
	year = {2017},
	file = {Full Text PDF:C\:\\Users\\Antoine\\Zotero\\storage\\LPXRCFS3\\Guilbault et Viau-Guay - 2017 - La classe inversée comme approche pédagogique en e.pdf:application/pdf;Snapshot:C\:\\Users\\Antoine\\Zotero\\storage\\9H47HTDJ\\1193.html:text/html}
}

@article{king_sage_1993,
	title = {From {Sage} on the {Stage} to {Guide} on the {Side}},
	volume = {41},
	issn = {8756-7555},
	url = {https://doi.org/10.1080/87567555.1993.9926781},
	doi = {10.1080/87567555.1993.9926781},
	number = {1},
	urldate = {2020-03-12},
	journal = {College Teaching},
	author = {King, Alison},
	month = jan,
	year = {1993},
	note = {Publisher: Routledge
\_eprint: https://doi.org/10.1080/87567555.1993.9926781},
	pages = {30--35},
	file = {Snapshot:C\:\\Users\\Antoine\\Zotero\\storage\\KW2BC7RZ\\87567555.1993.html:text/html}
}

@book{anderson_taxonomy_2001,
  title = {A Taxonomy for Learning, Teaching, and Assessing: A Revision of {{Bloom}}'s Taxonomy of Educational Objectives},
  shorttitle = {A Taxonomy for Learning, Teaching, and Assessing},
  editor = {Anderson, Lorin W. and Krathwohl, David R.},
  year = {2001},
  edition = {Complete ed},
  publisher = {{Longman}},
  address = {{New York}},
  file = {/home/pierre/workp/biblio/pdf/Taxonomy_learning_teaching_assessing_2001_Anderson.pdf},
  isbn = {978-0-321-08405-7 978-0-8013-1903-7},
  keywords = {Aims and objectives,Benjamin Samuel,Bloom; Benjamin S,Education,Taxonomy of educational objectives},
  lccn = {LB17 .T29 2001}
}

@article{le_pyrosetta_2020,
	title = {{PyRosetta} {Jupyter} {Notebooks} {Teach} {Biomolecular} {Structure} {Prediction} and {Design}},
	url = {https://www.preprints.org/manuscript/202002.0097/v1},
	doi = {10.20944/preprints202002.0097.v1},
	language = {en},
	urldate = {2020-03-14},
	author = {Le, Kathy and Adolf-Bryfogle, Jared and Klima, Jason and Lyskov, Sergey and Labonte, Jason and Bertolani, Steven and Burman, Shourya Roy and Leaver-Fay, Andrew and Weitzner, Brian and Maguire, Jack and Rangan, Ramya and Adrianowycz, Matt and Alford, Rebecca and Adal, Aleexan and Nance, Morgan and Das, Rhiju and Dunbrack, Roland and Schief, William and Kuhlman, Brian and Siegel, Justin and Gray, Jeffrey},
	month = feb,
	year = {2020},
	note = {Publisher: Preprints}
}

@book{compeau_bioinformatics_2018,
  title = {Bioinformatics Algorithms: An Active Learning Approach},
  shorttitle = {Bioinformatics Algorithms},
  author = {Compeau, Phillip and Pevzner, Pavel A.},
  year = {2018},
  edition = {3rd edition},
  publisher = {{Active Learning Publishers}},
  address = {{La Jolla, CA}},
  isbn = {978-0-9903746-3-3}
}

@book{hattie_visible_2008,
	title = {Visible {Learning} for {Teachers}: {Maximizing} {Impact} on {Learning}},
	isbn = {978-1-136-59233-1},
	shorttitle = {Visible {Learning} for {Teachers}},
	language = {en},
	publisher = {Routledge},
	author = {Hattie, John},
	year = {2008},
	note = {Google-Books-ID: vSoUT6PXdoIC},
}

@article{berard_valoriser_nodate,
	title = {Valoriser ses compétences numériques avec {PIX}},
	language = {fr},
	author = {Berard, Alain and Fayolle, Catherine and Kotowicz, Jean-Philippe and Stouls, Nicolas and Wissocq, David},
	pages = {6}
}

@article{foldnes_flipped_2016,
	title = {The flipped classroom and cooperative learning: {Evidence} from a randomised experiment},
	volume = {17},
	issn = {1469-7874},
	shorttitle = {The flipped classroom and cooperative learning},
	url = {https://doi.org/10.1177/1469787415616726},
	doi = {10.1177/1469787415616726},
	language = {en},
	number = {1},
	urldate = {2020-03-14},
	journal = {Active Learning in Higher Education},
	author = {Foldnes, Njål},
	month = mar,
	year = {2016},
	note = {Publisher: SAGE Publications},
	pages = {39--49}
}

@article{strayer_how_2012,
	title = {How learning in an inverted classroom influences cooperation, innovation and task orientation},
	volume = {15},
	issn = {1573-1855},
	url = {https://doi.org/10.1007/s10984-012-9108-4},
	doi = {10.1007/s10984-012-9108-4},
	language = {en},
	number = {2},
	urldate = {2020-03-14},
	journal = {Learning Environments Research},
	author = {Strayer, Jeremy F.},
	month = jul,
	year = {2012},
	pages = {171--193}
}

@article{logan_ten_2010,
	title = {Ten {Simple} {Rules} for {Editing} {Wikipedia}},
	volume = {6},
	issn = {1553-7358},
	url = {https://journals.plos.org/ploscompbiol/article?id=10.1371/journal.pcbi.1000941},
	doi = {10.1371/journal.pcbi.1000941},
	language = {en},
	number = {9},
	urldate = {2020-03-14},
	journal = {PLOS Computational Biology},
	author = {Logan, Darren W. and Sandal, Massimo and Gardner, Paul P. and Manske, Magnus and Bateman, Alex},
	month = sep,
	year = {2010},
	note = {Publisher: Public Library of Science},
	pages = {e1000941},
}

@article{delozier_flipped_2017,
	title = {Flipped {Classrooms}: a {Review} of {Key} {Ideas} and {Recommendations} for {Practice}},
	volume = {29},
	issn = {1573-336X},
	shorttitle = {Flipped {Classrooms}},
	url = {https://doi.org/10.1007/s10648-015-9356-9},
	doi = {10.1007/s10648-015-9356-9},
	number = {1},
	urldate = {2020-04-04},
	journal = {Educational Psychology Review},
	author = {DeLozier, Sarah J. and Rhodes, Matthew G.},
	month = mar,
	year = {2017},
	pages = {141--151}
}

@article{mok_teaching_2014,
	title = {Teaching {Tip}: {The} {Flipped} {Classroom}{\textless}/title{\textgreater}},
	volume = {25},
	shorttitle = {Teaching {Tip}},
	url = {http://jise.org/Volume25/n1/JISEv25n1p7.html},
	number = {1},
	urldate = {2020-04-04},
	journal = {Journal of Information Systems Education},
	author = {Mok, Heng Ngee},
	month = feb,
	year = {2014},
	pages = {7}
}

@incollection{schell_flipping_2015,
	title = {Flipping the {Chemistry} {Classroom} with {Peer} {Instruction}},
	copyright = {Copyright © 2015 Wiley‐VCH Verlag GmbH \& Co. KGaA},
	isbn = {978-3-527-67930-0},
	urldate = {2020-04-06},
	booktitle = {Chemistry {Education}},
	publisher = {John Wiley \& Sons, Ltd},
	author = {Schell, Julie and Mazur, Eric},
	year = {2015},
	doi = {10.1002/9783527679300.ch13},
	note = {Section: 13 
	eprint: https://onlinelibrary.wiley.com/doi/pdf/10.1002/9783527679300.ch13},
	pages = {319--344}
}

@article{chi_icap_2014,
	title = {The {ICAP} {Framework}: {Linking} {Cognitive} {Engagement} to {Active} {Learning} {Outcomes}},
	volume = {49},
	issn = {0046-1520},
	shorttitle = {The {ICAP} {Framework}},
	url = {https://doi.org/10.1080/00461520.2014.965823},
	doi = {10.1080/00461520.2014.965823},
	number = {4},
	urldate = {2020-05-26},
	journal = {Educational Psychologist},
	author = {Chi, Michelene T. H. and Wylie, Ruth},
	month = oct,
	year = {2014},
	pages = {219--243}
}

@article{fiorella_eight_2016,
	title = {Eight {Ways} to {Promote} {Generative} {Learning}},
	volume = {28},
	issn = {1573-336X},
	url = {https://doi.org/10.1007/s10648-015-9348-9},
	doi = {10.1007/s10648-015-9348-9},
	language = {en},
	number = {4},
	urldate = {2020-05-26},
	journal = {Educational Psychology Review},
	author = {Fiorella, Logan and Mayer, Richard E.},
	month = dec,
	year = {2016},
	pages = {717--741}
}

@article{compeau_establishing_2019,
	title = {Establishing a computational biology flipped classroom},
	volume = {15},
	issn = {1553-7358},
	url = {https://journals.plos.org/ploscompbiol/article?id=10.1371/journal.pcbi.1006764},
	doi = {10.1371/journal.pcbi.1006764},
	language = {en},
	number = {5},
	urldate = {2020-06-20},
	journal = {PLOS Computational Biology},
	author = {Compeau, Phillip},
	month = may,
	year = {2019},
	pages = {e1006764},
}

@article{jensen_improvements_2015,
	title = {Improvements from a {Flipped} {Classroom} {May} {Simply} {Be} the {Fruits} of {Active} {Learning}},
	volume = {14},
	url = {https://www.lifescied.org/doi/10.1187/cbe.14-08-0129},
	doi = {10.1187/cbe.14-08-0129},
	number = {1},
	urldate = {2020-06-20},
	journal = {CBE—Life Sciences Education},
	author = {Jensen, Jamie L. and Kummer, Tyler A. and Godoy, Patricia D. d. M.},
	month = mar,
	year = {2015},
	note = {Publisher: American Society for Cell Biology (lse)},
	pages = {ar5}
}

@phdthesis{oraif2018investigation,
  title={An investigation into the impact of the flipped classroom on intrinsic motivation (IM) and learning outcomes on an EFL writing course at a university in Saudi Arabia based on self-determination theory (SDT)},
  author={Oraif, Iman Mohammed Khidr},
  year={2018},
  school={University of Leicester}
}

@article{thai_impact_2017,
	title = {The impact of a flipped classroom design on learning performance in higher education: {Looking} for the best “blend” of lectures and guiding questions with feedback},
	volume = {107},
	issn = {03601315},
	shorttitle = {The impact of a flipped classroom design on learning performance in higher education},
	url = {https://linkinghub.elsevier.com/retrieve/pii/S0360131517300039},
	doi = {10.1016/j.compedu.2017.01.003},
	language = {en},
	urldate = {2020-06-21},
	journal = {Computers \& Education},
	author = {Thai, Ngoc Thuy Thi and De Wever, Bram and Valcke, Martin},
	month = apr,
	year = {2017},
	pages = {113--126}
}

@book{noauthor_teaching_2019,
	title = {Teaching and {Learning} with {Jupyter}},
	url = {https://jupyter4edu.github.io/jupyter-edu-book/},
	abstract = {A handbook on teaching and learning with Jupyter notebooks.},
	urldate = {2020-07-01},
	year = {2019}
}

@misc{grunert_obrien_course_2008,
	title = {The {Course} {Syllabus}: {A} {Learning}-{Centered} {Approach}, 2nd {Edition} {\textbar} {Wiley}},
	shorttitle = {The {Course} {Syllabus}},
	url = {https://www.wiley.com/en-fr/The+Course+Syllabus%3A+A+Learning+Centered+Approach%2C+2nd+Edition-p-9780470197615},
	urldate = {2020-08-12},
	journal = {Wiley.com},
	author = {Grunert O'Brien, Judith and Millis, Barbara J. and Cohen, Margaret W.},
	year = {2008}
}

@article{blischak_quick_2016,
	title = {A {Quick} {Introduction} to {Version} {Control} with {Git} and {GitHub}},
	volume = {12},
	issn = {1553-7358},
	url = {https://journals.plos.org/ploscompbiol/article?id=10.1371/journal.pcbi.1004668},
	doi = {10.1371/journal.pcbi.1004668},
	language = {en},
	number = {1},
	urldate = {2020-08-12},
	journal = {PLOS Computational Biology},
	author = {Blischak, John D. and Davenport, Emily R. and Wilson, Greg},
	month = jan,
	year = {2016},
	note = {Publisher: Public Library of Science},
	keywords = {Scientists, Computer software, Cloning, Control systems, Graphical user interfaces, Kidneys, Linguistic morphology, Open source software},
	pages = {e1004668}
}

@book{bergmann_flip_2012,
	title = {Flip {Your} {Classroom}: {Reach} {Every} {Student} in {Every} {Class} {Every} {Day}},
	isbn = {978-1-56484-560-3},
	shorttitle = {Flip {Your} {Classroom}},
	language = {en},
	publisher = {International Society for Technology in Education},
	author = {Bergmann, Jonathan and Sams, Aaron},
	month = jun,
	year = {2012},
	keywords = {Education / Experimental Methods, Education / Standards (incl. Common Core)}
}

@inproceedings{hew_does_2020,
	address = {Cham},
	series = {Lecture {Notes} in {Computer} {Science}},
	title = {Does {Flipped} {Classroom} {Improve} {Student} {Cognitive} and {Behavioral} {Outcomes} in {STEM} {Subjects}? {Evidence} from a {Second}-{Order} {Meta}-{Analysis} and {Validation} {Study}},
	isbn = {978-3-030-51968-1},
	shorttitle = {Does {Flipped} {Classroom} {Improve} {Student} {Cognitive} and {Behavioral} {Outcomes} in {STEM} {Subjects}?},
	doi = {10.1007/978-3-030-51968-1_22},
	booktitle = {Blended {Learning}. {Education} in a {Smart} {Learning} {Environment}},
	publisher = {Springer International Publishing},
	author = {Hew, Khe Foon and Bai, Shurui and Huang, Weijiao and Du, Jiahui and Huang, Guoyuhui and Jia, Chengyuan and Khongjan, Thankrit},
	editor = {Cheung, Simon K. S. and Li, Richard and Phusavat, Kongkiti and Paoprasert, Naraphorn and Kwok, Lam‑For},
	year = {2020},
	keywords = {Flipped classroom, Meta-analysis, Flipped learning, STEM},
	pages = {264--275}
}

@article{rule_ten_2019,
	title = {Ten simple rules for writing and sharing computational analyses in {Jupyter} {Notebooks}},
	volume = {15},
	issn = {1553-7358},
	url = {https://journals.plos.org/ploscompbiol/article?id=10.1371/journal.pcbi.1007007},
	doi = {10.1371/journal.pcbi.1007007},
	language = {en},
	number = {7},
	urldate = {2021-01-29},
	journal = {PLOS Computational Biology},
	author = {Rule, Adam and Birmingham, Amanda and Zuniga, Cristal and Altintas, Ilkay and Huang, Shih-Cheng and Knight, Rob and Moshiri, Niema and Nguyen, Mai H. and Rosenthal, Sara Brin and Pérez, Fernando and Rose, Peter W.},
	month = jul,
	year = {2019},
	pages = {e1007007}
}

@article{davies_using_2020,
	title = {Using interactive digital notebooks for bioscience and informatics education},
	volume = {16},
	issn = {1553-7358},
	url = {https://journals.plos.org/ploscompbiol/article?id=10.1371/journal.pcbi.1008326},
	doi = {10.1371/journal.pcbi.1008326},
	number = {11},
	urldate = {2021-01-29},
	journal = {PLOS Computational Biology},
	author = {Davies, Alan and Hooley, Frances and Causey-Freeman, Peter and Eleftheriou, Iliada and Moulton, Georgina},
	month = nov,
	year = {2020},
	pages = {e1008326}
}

@article{abdollahi2018meet,
  title={Meet-U: educating through research immersion},
  author={Abdollahi, Nika and Albani, Alexandre and Anthony, Eric and Baud, Agnes and Cardon, M{\'e}lissa and Clerc, Robert and Czernecki, Dariusz and Conte, Romain and David, Laurent and Delaune, Agathe and others},
  journal={PLoS computational biology},
  volume={14},
  number={3},
  pages={e1005992},
  year={2018}
}

@article{taly2019molecular,
  title={Molecular modelling as the spark for active learning approaches for interdisciplinary biology teaching},
  author={Taly, Antoine and Nitti, Francesco and Baaden, Marc and Pasquali, S},
  journal={Interface focus},
  volume={9},
  number={3},
  pages={20180065},
  year={2019},
  publisher={The Royal Society}
}

@article{mazzanti2017can,
  title={What can human-guided simulations bring to RNA folding?},
  author={Mazzanti, Liuba and Doutreligne, S{\'e}bastien and Gageat, Cedric and Derreumaux, Philippe and Taly, Antoine and Baaden, Marc and Pasquali, Samuela},
  journal={Biophysical journal},
  volume={113},
  number={2},
  pages={302--312},
  year={2017},
  publisher={Elsevier}
}

@misc {lopez,
	Title = {Poster Session with Peer Grading},
	Author = {Lopez, Hugo and Le Barch, Karine and Ethève-Quelquejeu, Mélanie and Pasquali, Samuela and Taly, Antoine},
	DOI = {10.26434/chemrxiv.6726161.v1},
	Publisher = {ChemRxiv},
	Year = {2018},
	URL = {https://doi.org/10.26434/chemrxiv.6726161.v1}
}

@inproceedings{fidalgo2017apft,
  title={APFT: active peer-based flip teaching},
  author={Fidalgo-Blanco, {\'A}ngel and Sein-Echaluce, Mar{\'\i}a Luisa and Garc{\'\i}a-Pe{\~n}alvo, Francisco J},
  booktitle={Proceedings of the 5th International Conference on Technological Ecosystems for Enhancing Multiculturality},
  pages={1--7},
  year={2017}
}

@misc{garcia2020ten,
  title = {Ten Simple Rules for Making Training Materials {{FAIR}}},
  author = {Garcia, Leyla and Batut, B{\'e}r{\'e}nice and Burke, Melissa L. and Kuzak, Mateusz and Psomopoulos, Fotis and Arcila, Ricardo and Attwood, Teresa K. and Beard, Niall and {Carvalho-Silva}, Denise and Dimopoulos, Alexandros C. and {del Angel}, Victoria Dominguez and Dumontier, Michel and Gurwitz, Kim T. and Krause, Roland and McQuilton, Peter and Le Pera, Loredana and Morgan, Sarah L. and Rauste, P{\"a}ivi and Via, Allegra and Kahlem, Pascal and Rustici, Gabriella and {van Gelder}, Celia W. G. and Palagi, Patricia M.},
  editor = {Markel, Scott},
  year = {2020},
  month = may,
  journal = {PLOS Computational Biology},
  volume = {16},
  pages = {e1007854},
  issn = {1553-7358},
  doi = {10.1371/journal.pcbi.1007854},
  language = {en},
  number = {5}
}

@article{davies2020,
  title = {Using Interactive Digital Notebooks for Bioscience and Informatics Education},
  author = {Davies, Alan and Hooley, Frances and {Causey-Freeman}, Peter and Eleftheriou, Iliada and Moulton, Georgina},
  editor = {Ouellette, Francis},
  year = {2020},
  month = nov,
  volume = {16},
  pages = {e1008326},
  issn = {1553-7358},
  doi = {10.1371/journal.pcbi.1008326},
  journal = {PLOS Computational Biology},
  language = {en},
  number = {11}
}

@article{garcia2020,
  title = {Ten Simple Rules to Run a Successful {{BioHackathon}}},
  author = {Garcia, Leyla and Antezana, Erick and Garcia, Alexander and Bolton, Evan and Jimenez, Rafael and Prins, Pjotr and Banda, Juan M. and Katayama, Toshiaki},
  editor = {Markel, Scott},
  year = {2020},
  month = may,
  volume = {16},
  pages = {e1007808},
  issn = {1553-7358},
  journal = {PLOS Computational Biology},
  doi = {10.1371/journal.pcbi.1007808},
  language = {en},
  number = {5}
}
